@misc{Bache+Lichman:2013,
author = "K. Bache, M. Lichman",
year = "2013",
title = "{UCI} Machine Learning Repository",
url = "http://archive.ics.uci.edu/ml",
institution = "University of California, Irvine, School of Information and Computer Sciences"}

@misc{KSM:1994,
author = "S. K. Murthy, S. Kasif, S. Salzberg",
year = "1994",
title = "A System for Induction of Oblique Decision Trees",
url = "http://www.jair.org/media/63/live-63-1401-jair.pdf",
institution = "John Hopkins University, Baltimore, Department of Computer Science"}
